<record><leader>00000cas a22000007a 4500</leader><controlfield tag="001">10926078</controlfield><controlfield tag="008">840707d18661872ohuwr ne      0    0eng d</controlfield><datafield ind1=" " ind2=" " tag="010"><subfield code="a">sn 84028337 </subfield></datafield><datafield ind1=" " ind2=" " tag="040"><subfield code="a">NPY</subfield><subfield code="b">eng</subfield><subfield code="c">NPY</subfield><subfield code="d">ONP</subfield><subfield code="d">OCLCQ</subfield></datafield><datafield ind1=" " ind2=" " tag="042"><subfield code="a">msc</subfield></datafield><datafield ind1="0" ind2="0" tag="245"><subfield code="a">Lorain constitutionalist.</subfield></datafield><datafield ind1="3" ind2="0" tag="246"><subfield code="a">Constitutionalist</subfield></datafield><datafield ind1=" " ind2=" " tag="260"><subfield code="a">Elyria, Ohio :</subfield><subfield code="b">Pub. for the proprietors by L.S. Everett,</subfield><subfield code="c">1866-1870.</subfield></datafield><datafield ind1=" " ind2=" " tag="300"><subfield code="a">6 v. :</subfield><subfield code="b">ill. (chiefly advertisements) ;</subfield><subfield code="c">62 cm.</subfield></datafield><datafield ind1=" " ind2=" " tag="310"><subfield code="a">Weekly</subfield></datafield><datafield ind1="0" ind2=" " tag="362"><subfield code="a">Vol. 1, no. 1 (Oct. 3, 1866)-v. 6, no. 23 (Mar. 9, 1872).</subfield></datafield><datafield ind1=" " ind2=" " tag="500"><subfield code="a">Published as: Constitutionalist, June 9, 1869-Jan. 26, 1870.</subfield></datafield><datafield ind1=" " ind2=" " tag="500"><subfield code="a">Publishers: Everett, 1866-Aug. 1867; Lorain Printing Co., Sept. 1867-June 2, 1869; James K. Newcomer, June 9, 1869-Oct. 12, 1870; F.S. Moore, Oct. 19, 1870-Nov. 1, 1871; J.V. Faith, Nov. 8, 1871-1872.</subfield></datafield><datafield ind1=" " ind2=" " tag="500"><subfield code="a">"Democratic journal."</subfield></datafield><datafield ind1=" " ind2=" " tag="752"><subfield code="a">United States</subfield><subfield code="b">Ohio</subfield><subfield code="c">Lorain</subfield><subfield code="d">Elyria.</subfield></datafield><datafield ind1="0" ind2="0" tag="785"><subfield code="t">Lorain constitution</subfield><subfield code="w">(DLC)sn 84028338</subfield></datafield></record>